
@article{Triangulation,
  author  = {Lamot, M., Zalik,B.}, 
  title   = {An Overview of Triangulation Algorithms for Simple Polygons},
  journal = {Faculty of Electrical Engineering and Computer Sciences University of Maribor},
  year    = 2000,
  pages   = {1-6},
}

@book{ComputerGraphics,
  author    = {Eck,J.}, 
  title     = {Introduction to Computer Graphics},
  publisher = {Department of Mathematics and Computer Science, Hobart and William Smith Colleges},
  year      = 2018,
  series    = 1.2,
  address   = {Geneva, NY},
  month     = 1
}

@book{SpaceWar,
  author    = {Bellis, M.}, 
  title     = {The History of Spacewar},
  publisher = {ThoughtCo.},
  year      = 2017,
  address   = {Broadway, New York, NY},
  month     = 6,
  url       = https://www.thoughtco.com/history-of-spacewar-1992412
}

@book{2DGraphics,
  author    = {Rimon, E.}, 
  title     = {Digital Media-A Problem-solving Approach for Computer Graphics},
  publisher = {Springer},
  year      = 2014,
  address   = {Berlin, Germany},
  edition     = 1,
  isbn      =978-3-319-05137-6,
}

